%YAML 1.1
%TAG !u! tag:unity3d.com,2011:
--- !u!1001 &100100000
Prefab:
  m_ObjectHideFlags: 1
  serializedVersion: 2
  m_Modification:
    m_TransformParent: {fileID: 0}
    m_Modifications: []
    m_RemovedComponents: []
  m_ParentPrefab: {fileID: 0}
  m_RootGameObject: {fileID: 1000012479111936}
  m_IsPrefabParent: 1
--- !u!1 &1000010293468488
GameObject:
  m_ObjectHideFlags: 1
  m_PrefabParentObject: {fileID: 0}
  m_PrefabInternal: {fileID: 100100000}
  serializedVersion: 4
  m_Component:
  - 4: {fileID: 4000011554515010}
  - 114: {fileID: 114000013602269072}
  m_Layer: 0
  m_Name: Model
  m_TagString: Untagged
  m_Icon: {fileID: 0}
  m_NavMeshLayer: 0
  m_StaticEditorFlags: 0
  m_IsActive: 1
--- !u!1 &1000010736401452
GameObject:
  m_ObjectHideFlags: 1
  m_PrefabParentObject: {fileID: 0}
  m_PrefabInternal: {fileID: 100100000}
  serializedVersion: 4
  m_Component:
  - 4: {fileID: 4000013829650386}
  - 20: {fileID: 20000010519001666}
  - 124: {fileID: 124000010490169848}
  - 33: {fileID: 33000011296851600}
  - 23: {fileID: 23000010396050650}
  - 136: {fileID: 136000010485200444}
  - 114: {fileID: 114000010872574492}
  - 114: {fileID: 114000010154587386}
  m_Layer: 0
  m_Name: Camera (eye)
  m_TagString: MainCamera
  m_Icon: {fileID: 0}
  m_NavMeshLayer: 0
  m_StaticEditorFlags: 0
  m_IsActive: 1
--- !u!1 &1000011630996102
GameObject:
  m_ObjectHideFlags: 0
  m_PrefabParentObject: {fileID: 0}
  m_PrefabInternal: {fileID: 100100000}
  serializedVersion: 4
  m_Component:
  - 4: {fileID: 4000012460596468}
  - 20: {fileID: 20000014020730928}
  - 114: {fileID: 114000012637750070}
  - 92: {fileID: 92000011364597060}
  m_Layer: 0
  m_Name: Camera (head)
  m_TagString: MainCamera
  m_Icon: {fileID: 0}
  m_NavMeshLayer: 0
  m_StaticEditorFlags: 0
  m_IsActive: 1
--- !u!1 &1000012479111936
GameObject:
  m_ObjectHideFlags: 0
  m_PrefabParentObject: {fileID: 0}
  m_PrefabInternal: {fileID: 100100000}
  serializedVersion: 4
  m_Component:
  - 4: {fileID: 4000012863663840}
  - 114: {fileID: 114000013647711732}
  - 114: {fileID: 114000013967814716}
  - 114: {fileID: 114000011501450142}
  - 23: {fileID: 23000013617498964}
  - 33: {fileID: 33000013693777874}
  - 114: {fileID: 114000011500713374}
  - 114: {fileID: 114000013741132078}
  - 114: {fileID: 114000014010568536}
  - 114: {fileID: 114000012754641486}
  - 114: {fileID: 114000012872376040}
  - 114: {fileID: 114000011666057306}
  - 114: {fileID: 114000010013638666}
  m_Layer: 0
  m_Name: '[CameraRig]'
  m_TagString: Player
  m_Icon: {fileID: 0}
  m_NavMeshLayer: 0
  m_StaticEditorFlags: 0
  m_IsActive: 1
--- !u!1 &1000012705187902
GameObject:
  m_ObjectHideFlags: 1
  m_PrefabParentObject: {fileID: 0}
  m_PrefabInternal: {fileID: 100100000}
  serializedVersion: 4
  m_Component:
  - 4: {fileID: 4000012785500690}
  - 81: {fileID: 81000013239467938}
  - 114: {fileID: 114000013536367150}
  m_Layer: 0
  m_Name: Camera (ears)
  m_TagString: Untagged
  m_Icon: {fileID: 0}
  m_NavMeshLayer: 0
  m_StaticEditorFlags: 0
  m_IsActive: 1
--- !u!1 &1000012896446770
GameObject:
  m_ObjectHideFlags: 0
  m_PrefabParentObject: {fileID: 0}
  m_PrefabInternal: {fileID: 100100000}
  serializedVersion: 4
  m_Component:
  - 4: {fileID: 4000013959992040}
  - 114: {fileID: 114000013595786948}
  - 114: {fileID: 114000011403825668}
  - 114: {fileID: 114000012570216038}
  m_Layer: 0
  m_Name: Controller (right)
  m_TagString: Untagged
  m_Icon: {fileID: 0}
  m_NavMeshLayer: 0
  m_StaticEditorFlags: 0
  m_IsActive: 1
--- !u!1 &1000013538025830
GameObject:
  m_ObjectHideFlags: 0
  m_PrefabParentObject: {fileID: 0}
  m_PrefabInternal: {fileID: 100100000}
  serializedVersion: 4
  m_Component:
  - 4: {fileID: 4000011769484280}
  - 114: {fileID: 114000011671561500}
  - 114: {fileID: 114000010345149984}
  - 114: {fileID: 114000010286350272}
  m_Layer: 0
  m_Name: Controller (left)
  m_TagString: Untagged
  m_Icon: {fileID: 0}
  m_NavMeshLayer: 0
  m_StaticEditorFlags: 0
  m_IsActive: 1
--- !u!1 &1000013562317154
GameObject:
  m_ObjectHideFlags: 1
  m_PrefabParentObject: {fileID: 0}
  m_PrefabInternal: {fileID: 100100000}
  serializedVersion: 4
  m_Component:
  - 4: {fileID: 4000010333109344}
  - 114: {fileID: 114000013940782114}
  m_Layer: 0
  m_Name: Model
  m_TagString: Untagged
  m_Icon: {fileID: 0}
  m_NavMeshLayer: 0
  m_StaticEditorFlags: 0
  m_IsActive: 1
--- !u!4 &4000010333109344
Transform:
  m_ObjectHideFlags: 1
  m_PrefabParentObject: {fileID: 0}
  m_PrefabInternal: {fileID: 100100000}
  m_GameObject: {fileID: 1000013562317154}
  m_LocalRotation: {x: 0, y: 0, z: 0, w: 1}
  m_LocalPosition: {x: 0, y: 0, z: 0}
  m_LocalScale: {x: 1, y: 1, z: 1}
  m_LocalEulerAnglesHint: {x: 0, y: 0, z: 0}
  m_Children: []
  m_Father: {fileID: 4000013959992040}
  m_RootOrder: 0
--- !u!4 &4000011554515010
Transform:
  m_ObjectHideFlags: 1
  m_PrefabParentObject: {fileID: 0}
  m_PrefabInternal: {fileID: 100100000}
  m_GameObject: {fileID: 1000010293468488}
  m_LocalRotation: {x: 0, y: 0, z: 0, w: 1}
  m_LocalPosition: {x: 0, y: 0, z: 0}
  m_LocalScale: {x: 1, y: 1, z: 1}
  m_LocalEulerAnglesHint: {x: 0, y: 0, z: 0}
  m_Children: []
  m_Father: {fileID: 4000011769484280}
  m_RootOrder: 0
--- !u!4 &4000011769484280
Transform:
  m_ObjectHideFlags: 1
  m_PrefabParentObject: {fileID: 0}
  m_PrefabInternal: {fileID: 100100000}
  m_GameObject: {fileID: 1000013538025830}
  m_LocalRotation: {x: 0, y: 0, z: 0, w: 1}
  m_LocalPosition: {x: 0, y: 0, z: 0}
  m_LocalScale: {x: 1, y: 1, z: 1}
  m_LocalEulerAnglesHint: {x: 0, y: 0, z: 0}
  m_Children:
  - {fileID: 4000011554515010}
  m_Father: {fileID: 4000012863663840}
  m_RootOrder: 0
--- !u!4 &4000012460596468
Transform:
  m_ObjectHideFlags: 1
  m_PrefabParentObject: {fileID: 0}
  m_PrefabInternal: {fileID: 100100000}
  m_GameObject: {fileID: 1000011630996102}
  m_LocalRotation: {x: 0, y: 0, z: 0, w: 1}
  m_LocalPosition: {x: 0, y: 0, z: 0}
  m_LocalScale: {x: 1, y: 1, z: 1}
  m_LocalEulerAnglesHint: {x: 0, y: 0, z: 0}
  m_Children:
  - {fileID: 4000013829650386}
  - {fileID: 4000012785500690}
  m_Father: {fileID: 4000012863663840}
  m_RootOrder: 2
--- !u!4 &4000012785500690
Transform:
  m_ObjectHideFlags: 1
  m_PrefabParentObject: {fileID: 0}
  m_PrefabInternal: {fileID: 100100000}
  m_GameObject: {fileID: 1000012705187902}
  m_LocalRotation: {x: 0, y: 0, z: 0, w: 1}
  m_LocalPosition: {x: 0, y: 0, z: 0}
  m_LocalScale: {x: 1, y: 1, z: 1}
  m_LocalEulerAnglesHint: {x: 0, y: 0, z: 0}
  m_Children: []
  m_Father: {fileID: 4000012460596468}
  m_RootOrder: 1
--- !u!4 &4000012863663840
Transform:
  m_ObjectHideFlags: 1
  m_PrefabParentObject: {fileID: 0}
  m_PrefabInternal: {fileID: 100100000}
  m_GameObject: {fileID: 1000012479111936}
  m_LocalRotation: {x: 0, y: 0, z: 0, w: 1}
  m_LocalPosition: {x: 22, y: 2, z: 26}
  m_LocalScale: {x: 1, y: 1, z: 1}
  m_LocalEulerAnglesHint: {x: 0, y: 0, z: 0}
  m_Children:
  - {fileID: 4000011769484280}
  - {fileID: 4000013959992040}
  - {fileID: 4000012460596468}
  m_Father: {fileID: 0}
  m_RootOrder: 0
--- !u!4 &4000013829650386
Transform:
  m_ObjectHideFlags: 1
  m_PrefabParentObject: {fileID: 0}
  m_PrefabInternal: {fileID: 100100000}
  m_GameObject: {fileID: 1000010736401452}
  m_LocalRotation: {x: 0, y: 0, z: 0, w: 1}
  m_LocalPosition: {x: 0, y: 0, z: 0}
  m_LocalScale: {x: 1, y: 1, z: 1}
  m_LocalEulerAnglesHint: {x: 0, y: 0, z: 0}
  m_Children: []
  m_Father: {fileID: 4000012460596468}
  m_RootOrder: 0
--- !u!4 &4000013959992040
Transform:
  m_ObjectHideFlags: 1
  m_PrefabParentObject: {fileID: 0}
  m_PrefabInternal: {fileID: 100100000}
  m_GameObject: {fileID: 1000012896446770}
  m_LocalRotation: {x: 0, y: 0, z: 0, w: 1}
  m_LocalPosition: {x: 0, y: 0, z: 0}
  m_LocalScale: {x: 1, y: 1, z: 1}
  m_LocalEulerAnglesHint: {x: 0, y: 0, z: 0}
  m_Children:
  - {fileID: 4000010333109344}
  m_Father: {fileID: 4000012863663840}
  m_RootOrder: 1
--- !u!20 &20000010519001666
Camera:
  m_ObjectHideFlags: 1
  m_PrefabParentObject: {fileID: 0}
  m_PrefabInternal: {fileID: 100100000}
  m_GameObject: {fileID: 1000010736401452}
  m_Enabled: 0
  serializedVersion: 2
  m_ClearFlags: 1
  m_BackGroundColor: {r: 0.19215687, g: 0.3019608, b: 0.4745098, a: 0.019607844}
  m_NormalizedViewPortRect:
    serializedVersion: 2
    x: 0
    y: 0
    width: 1
    height: 1
  near clip plane: 0.05
  far clip plane: 1000
  field of view: 60
  orthographic: 0
  orthographic size: 5
  m_Depth: -1
  m_CullingMask:
    serializedVersion: 2
    m_Bits: 4294967295
  m_RenderingPath: -1
  m_TargetTexture: {fileID: 0}
  m_TargetDisplay: 0
  m_TargetEye: 3
  m_HDR: 0
  m_OcclusionCulling: 1
  m_StereoConvergence: 10
  m_StereoSeparation: 0.022
  m_StereoMirrorMode: 0
--- !u!20 &20000014020730928
Camera:
  m_ObjectHideFlags: 1
  m_PrefabParentObject: {fileID: 0}
  m_PrefabInternal: {fileID: 100100000}
  m_GameObject: {fileID: 1000011630996102}
  m_Enabled: 0
  serializedVersion: 2
  m_ClearFlags: 4
  m_BackGroundColor: {r: 0.19215687, g: 0.3019608, b: 0.4745098, a: 0.019607844}
  m_NormalizedViewPortRect:
    serializedVersion: 2
    x: 0
    y: 0
    width: 1
    height: 1
  near clip plane: 0
  far clip plane: 1
  field of view: 60
  orthographic: 1
  orthographic size: 1
  m_Depth: 0
  m_CullingMask:
    serializedVersion: 2
    m_Bits: 0
  m_RenderingPath: -1
  m_TargetTexture: {fileID: 0}
  m_TargetDisplay: 0
  m_TargetEye: 3
  m_HDR: 0
  m_OcclusionCulling: 0
  m_StereoConvergence: 10
  m_StereoSeparation: 0.022
  m_StereoMirrorMode: 0
--- !u!23 &23000010396050650
MeshRenderer:
  m_ObjectHideFlags: 1
  m_PrefabParentObject: {fileID: 0}
  m_PrefabInternal: {fileID: 100100000}
  m_GameObject: {fileID: 1000010736401452}
  m_Enabled: 1
  m_CastShadows: 1
  m_ReceiveShadows: 1
  m_MotionVectors: 1
  m_LightProbeUsage: 1
  m_ReflectionProbeUsage: 1
  m_Materials:
  - {fileID: 10303, guid: 0000000000000000f000000000000000, type: 0}
  m_SubsetIndices: 
  m_StaticBatchRoot: {fileID: 0}
  m_ProbeAnchor: {fileID: 0}
  m_LightProbeVolumeOverride: {fileID: 0}
  m_ScaleInLightmap: 1
  m_PreserveUVs: 0
  m_IgnoreNormalsForChartDetection: 0
  m_ImportantGI: 0
  m_SelectedWireframeHidden: 0
  m_MinimumChartSize: 4
  m_AutoUVMaxDistance: 0.5
  m_AutoUVMaxAngle: 89
  m_LightmapParameters: {fileID: 0}
  m_SortingLayerID: 0
  m_SortingOrder: 0
--- !u!23 &23000013617498964
MeshRenderer:
  m_ObjectHideFlags: 1
  m_PrefabParentObject: {fileID: 0}
  m_PrefabInternal: {fileID: 100100000}
  m_GameObject: {fileID: 1000012479111936}
  m_Enabled: 1
  m_CastShadows: 0
  m_ReceiveShadows: 0
  m_MotionVectors: 1
  m_LightProbeUsage: 0
  m_ReflectionProbeUsage: 0
  m_Materials:
  - {fileID: 0}
  m_SubsetIndices: 
  m_StaticBatchRoot: {fileID: 0}
  m_ProbeAnchor: {fileID: 0}
  m_LightProbeVolumeOverride: {fileID: 0}
  m_ScaleInLightmap: 1
  m_PreserveUVs: 0
  m_IgnoreNormalsForChartDetection: 0
  m_ImportantGI: 0
  m_SelectedWireframeHidden: 0
  m_MinimumChartSize: 4
  m_AutoUVMaxDistance: 0.5
  m_AutoUVMaxAngle: 89
  m_LightmapParameters: {fileID: 0}
  m_SortingLayerID: 0
  m_SortingOrder: 0
--- !u!33 &33000011296851600
MeshFilter:
  m_ObjectHideFlags: 1
  m_PrefabParentObject: {fileID: 0}
  m_PrefabInternal: {fileID: 100100000}
  m_GameObject: {fileID: 1000010736401452}
  m_Mesh: {fileID: 10208, guid: 0000000000000000e000000000000000, type: 0}
--- !u!33 &33000013693777874
MeshFilter:
  m_ObjectHideFlags: 1
  m_PrefabParentObject: {fileID: 0}
  m_PrefabInternal: {fileID: 100100000}
  m_GameObject: {fileID: 1000012479111936}
  m_Mesh: {fileID: 0}
--- !u!81 &81000013239467938
AudioListener:
  m_ObjectHideFlags: 1
  m_PrefabParentObject: {fileID: 0}
  m_PrefabInternal: {fileID: 100100000}
  m_GameObject: {fileID: 1000012705187902}
  m_Enabled: 0
--- !u!92 &92000011364597060
Behaviour:
  m_ObjectHideFlags: 1
  m_PrefabParentObject: {fileID: 0}
  m_PrefabInternal: {fileID: 100100000}
  m_GameObject: {fileID: 1000011630996102}
  m_Enabled: 0
--- !u!114 &114000010013638666
MonoBehaviour:
  m_ObjectHideFlags: 1
  m_PrefabParentObject: {fileID: 0}
  m_PrefabInternal: {fileID: 100100000}
  m_GameObject: {fileID: 1000012479111936}
  m_Enabled: 1
  m_EditorHideFlags: 0
  m_Script: {fileID: 11500000, guid: 6d478669d4206024a8fe783ebb7d151b, type: 3}
  m_Name: 
  m_EditorClassIdentifier: 
  paintballPrefab: {fileID: 1000012755751754, guid: 7b1bbe6728210434da747615a3614c3f,
    type: 2}
--- !u!114 &114000010154587386
MonoBehaviour:
  m_ObjectHideFlags: 1
  m_PrefabParentObject: {fileID: 0}
  m_PrefabInternal: {fileID: 100100000}
  m_GameObject: {fileID: 1000010736401452}
  m_Enabled: 1
  m_EditorHideFlags: 0
  m_Script: {fileID: 11500000, guid: 6bca9ccf900ccc84c887d783321d27e2, type: 3}
  m_Name: 
  m_EditorClassIdentifier: 
  _head: {fileID: 4000012460596468}
  _ears: {fileID: 4000012785500690}
  wireframe: 0
--- !u!114 &114000010286350272
MonoBehaviour:
  m_ObjectHideFlags: 1
  m_PrefabParentObject: {fileID: 0}
  m_PrefabInternal: {fileID: 100100000}
  m_GameObject: {fileID: 1000013538025830}
  m_Enabled: 0
  m_EditorHideFlags: 0
  m_Script: {fileID: 11500000, guid: d37c2cf88f7c59f4c8cf5d3812568143, type: 3}
  m_Name: 
  m_EditorClassIdentifier: 
  index: 0
  origin: {fileID: 0}
  isValid: 0
--- !u!114 &114000010345149984
MonoBehaviour:
  m_ObjectHideFlags: 1
  m_PrefabParentObject: {fileID: 0}
  m_PrefabInternal: {fileID: 100100000}
  m_GameObject: {fileID: 1000013538025830}
  m_Enabled: 0
  m_EditorHideFlags: 0
  m_Script: {fileID: 11500000, guid: 408a45c3d6ea5804fa3bcaaaf8251ab5, type: 3}
  m_Name: 
  m_EditorClassIdentifier: 
  enableTeleport: 1
  controller: {fileID: 0}
  pointerMaterial: {fileID: 0}
  pointerHitColor: {r: 0, g: 0.5, b: 0, a: 1}
  pointerMissColor: {r: 0.8, g: 0, b: 0, a: 1}
  showPlayAreaCursor: 0
  playAreaCursorDimensions: {x: 0, y: 0}
  handlePlayAreaCursorCollisions: 0
  ignoreTargetWithTagOrClass: 
  pointerVisibility: 0
  holdButtonToActivate: 1
  activateDelay: 0
  pointerThickness: 0.002
  pointerLength: 100
  showPointerTip: 1
  customPointerCursor: {fileID: 0}
  layersToIgnore:
    serializedVersion: 2
    m_Bits: 4
--- !u!114 &114000010872574492
MonoBehaviour:
  m_ObjectHideFlags: 1
  m_PrefabParentObject: {fileID: 0}
  m_PrefabInternal: {fileID: 100100000}
  m_GameObject: {fileID: 1000010736401452}
  m_Enabled: 1
  m_EditorHideFlags: 0
  m_Script: {fileID: 11500000, guid: d7c320453934e1a448eebf96644b2265, type: 3}
  m_Name: 
  m_EditorClassIdentifier: 
--- !u!114 &114000011403825668
MonoBehaviour:
  m_ObjectHideFlags: 1
  m_PrefabParentObject: {fileID: 0}
  m_PrefabInternal: {fileID: 100100000}
  m_GameObject: {fileID: 1000012896446770}
  m_Enabled: 0
  m_EditorHideFlags: 0
  m_Script: {fileID: 11500000, guid: 7346a42905a29b347b1f492e8ad7b49f, type: 3}
  m_Name: 
  m_EditorClassIdentifier: 
  controllerIndex: 0
  triggerPressed: 0
  steamPressed: 0
  menuPressed: 0
  padPressed: 0
  padTouched: 0
  gripped: 0
--- !u!114 &114000011500713374
MonoBehaviour:
  m_ObjectHideFlags: 1
  m_PrefabParentObject: {fileID: 0}
  m_PrefabInternal: {fileID: 100100000}
  m_GameObject: {fileID: 1000012479111936}
  m_Enabled: 0
  m_EditorHideFlags: 0
  m_Script: {fileID: 11500000, guid: 1f0522eaef74d984591c060d05a095c8, type: 3}
  m_Name: 
  m_EditorClassIdentifier: 
  borderThickness: 0.15
  wireframeHeight: 2
  drawWireframeWhenSelectedOnly: 0
  drawInGame: 0
  size: 2
  color: {r: 0, g: 1, b: 1, a: 1}
  vertices:
  - {x: 1.5, y: 0.01, z: 1.125}
  - {x: 1.5, y: 0.01, z: -1.125}
  - {x: -1.5, y: 0.01, z: -1.125}
  - {x: -1.5, y: 0.01, z: 1.125}
  - {x: 1.65, y: 0.01, z: 1.275}
  - {x: 1.65, y: 0.01, z: -1.275}
  - {x: -1.65, y: 0.01, z: -1.275}
  - {x: -1.65, y: 0.01, z: 1.275}
--- !u!114 &114000011501450142
MonoBehaviour:
  m_ObjectHideFlags: 1
  m_PrefabParentObject: {fileID: 0}
  m_PrefabInternal: {fileID: 100100000}
  m_GameObject: {fileID: 1000012479111936}
  m_Enabled: 0
  m_EditorHideFlags: 0
  m_Script: {fileID: 11500000, guid: e3b47c2980b93bc48844a54641dab5b8, type: 3}
  m_Name: 
  m_EditorClassIdentifier: 
  left: {fileID: 1000013538025830}
  right: {fileID: 1000012896446770}
  objects: []
--- !u!114 &114000011666057306
MonoBehaviour:
  m_ObjectHideFlags: 1
  m_PrefabParentObject: {fileID: 0}
  m_PrefabInternal: {fileID: 100100000}
  m_GameObject: {fileID: 1000012479111936}
  m_Enabled: 1
  m_EditorHideFlags: 0
  m_Script: {fileID: -1267208747, guid: 870353891bb340e2b2a9c8707e7419ba, type: 3}
  m_Name: 
  m_EditorClassIdentifier: 
  m_Target: {fileID: 4000010333109344}
  m_ChildIndex: 2
  m_SendInterval: 0.1
  m_SyncRotationAxis: 7
  m_RotationSyncCompression: 0
  m_MovementThreshold: 0.001
  m_InterpolateRotation: 0.5
  m_InterpolateMovement: 0.5
--- !u!114 &114000011671561500
MonoBehaviour:
  m_ObjectHideFlags: 1
  m_PrefabParentObject: {fileID: 0}
  m_PrefabInternal: {fileID: 100100000}
  m_GameObject: {fileID: 1000013538025830}
  m_Enabled: 0
  m_EditorHideFlags: 0
  m_Script: {fileID: 11500000, guid: eba3cd5456cd79e49948f5ceb58544b4, type: 3}
  m_Name: 
  m_EditorClassIdentifier: 
  pointerToggleButton: 6
  pointerSetButton: 6
  grabToggleButton: 4
  useToggleButton: 3
  uiClickButton: 3
  menuToggleButton: 7
  axisFidelity: 1
  triggerPressed: 0
  triggerTouched: 0
  triggerHairlinePressed: 0
  triggerClicked: 0
  triggerAxisChanged: 0
  applicationMenuPressed: 0
  touchpadPressed: 0
  touchpadTouched: 0
  touchpadAxisChanged: 0
  gripPressed: 0
  pointerPressed: 0
  grabPressed: 0
  usePressed: 0
  uiClickPressed: 0
  menuPressed: 0
--- !u!114 &114000012570216038
MonoBehaviour:
  m_ObjectHideFlags: 1
  m_PrefabParentObject: {fileID: 0}
  m_PrefabInternal: {fileID: 100100000}
  m_GameObject: {fileID: 1000012896446770}
  m_Enabled: 0
  m_EditorHideFlags: 0
  m_Script: {fileID: 11500000, guid: 8385b7f0e094c024b9525e8d407fe834, type: 3}
  m_Name: 
  m_EditorClassIdentifier: 
  paintballPrefab: {fileID: 1000012755751754, guid: 7b1bbe6728210434da747615a3614c3f,
    type: 2}
  paintballVelocity: 1400
--- !u!114 &114000012637750070
MonoBehaviour:
  m_ObjectHideFlags: 1
  m_PrefabParentObject: {fileID: 0}
  m_PrefabInternal: {fileID: 100100000}
  m_GameObject: {fileID: 1000011630996102}
  m_Enabled: 0
  m_EditorHideFlags: 0
  m_Script: {fileID: 11500000, guid: d37c2cf88f7c59f4c8cf5d3812568143, type: 3}
  m_Name: 
  m_EditorClassIdentifier: 
  index: 0
  origin: {fileID: 0}
  isValid: 0
--- !u!114 &114000012754641486
MonoBehaviour:
  m_ObjectHideFlags: 1
  m_PrefabParentObject: {fileID: 0}
  m_PrefabInternal: {fileID: 100100000}
  m_GameObject: {fileID: 1000012479111936}
  m_Enabled: 1
  m_EditorHideFlags: 0
  m_Script: {fileID: -1267208747, guid: 870353891bb340e2b2a9c8707e7419ba, type: 3}
  m_Name: 
  m_EditorClassIdentifier: 
  m_Target: {fileID: 4000013829650386}
  m_ChildIndex: 0
  m_SendInterval: 0.1
  m_SyncRotationAxis: 7
  m_RotationSyncCompression: 0
  m_MovementThreshold: 0.001
  m_InterpolateRotation: 0.5
  m_InterpolateMovement: 0.5
--- !u!114 &114000012872376040
MonoBehaviour:
  m_ObjectHideFlags: 1
  m_PrefabParentObject: {fileID: 0}
  m_PrefabInternal: {fileID: 100100000}
  m_GameObject: {fileID: 1000012479111936}
  m_Enabled: 1
  m_EditorHideFlags: 0
  m_Script: {fileID: -1267208747, guid: 870353891bb340e2b2a9c8707e7419ba, type: 3}
  m_Name: 
  m_EditorClassIdentifier: 
  m_Target: {fileID: 4000011554515010}
  m_ChildIndex: 1
  m_SendInterval: 0.1
  m_SyncRotationAxis: 7
  m_RotationSyncCompression: 0
  m_MovementThreshold: 0.001
  m_InterpolateRotation: 0.5
  m_InterpolateMovement: 0.5
--- !u!114 &114000013536367150
MonoBehaviour:
  m_ObjectHideFlags: 1
  m_PrefabParentObject: {fileID: 0}
  m_PrefabInternal: {fileID: 100100000}
  m_GameObject: {fileID: 1000012705187902}
  m_Enabled: 0
  m_EditorHideFlags: 0
  m_Script: {fileID: 11500000, guid: 49a86c1078ce4314b9c4224560e031b9, type: 3}
  m_Name: 
  m_EditorClassIdentifier: 
  vrcam: {fileID: 0}
--- !u!114 &114000013595786948
MonoBehaviour:
  m_ObjectHideFlags: 1
  m_PrefabParentObject: {fileID: 0}
  m_PrefabInternal: {fileID: 100100000}
  m_GameObject: {fileID: 1000012896446770}
  m_Enabled: 0
  m_EditorHideFlags: 0
  m_Script: {fileID: 11500000, guid: d37c2cf88f7c59f4c8cf5d3812568143, type: 3}
  m_Name: 
  m_EditorClassIdentifier: 
  index: -1
  origin: {fileID: 0}
  isValid: 0
--- !u!114 &114000013602269072
MonoBehaviour:
  m_ObjectHideFlags: 1
  m_PrefabParentObject: {fileID: 0}
  m_PrefabInternal: {fileID: 100100000}
  m_GameObject: {fileID: 1000010293468488}
  m_Enabled: 1
  m_EditorHideFlags: 0
  m_Script: {fileID: 11500000, guid: 5890e3cad70bea64d91aef9145ba3454, type: 3}
  m_Name: 
  m_EditorClassIdentifier: 
  index: -1
  modelOverride: 
  shader: {fileID: 46, guid: 0000000000000000f000000000000000, type: 0}
  verbose: 0
  createComponents: 1
  updateDynamically: 1
--- !u!114 &114000013647711732
MonoBehaviour:
  m_ObjectHideFlags: 1
  m_PrefabParentObject: {fileID: 0}
  m_PrefabInternal: {fileID: 100100000}
  m_GameObject: {fileID: 1000012479111936}
  m_Enabled: 1
  m_EditorHideFlags: 0
  m_Script: {fileID: 372142912, guid: 870353891bb340e2b2a9c8707e7419ba, type: 3}
  m_Name: 
  m_EditorClassIdentifier: 
  m_SceneId:
    m_Value: 0
  m_AssetId:
    i0: 69
    i1: 160
    i2: 155
    i3: 121
    i4: 248
    i5: 146
    i6: 255
    i7: 212
    i8: 218
    i9: 140
    i10: 150
    i11: 97
    i12: 75
    i13: 249
    i14: 145
    i15: 36
  m_ServerOnly: 0
  m_LocalPlayerAuthority: 1
--- !u!114 &114000013741132078
MonoBehaviour:
  m_ObjectHideFlags: 1
  m_PrefabParentObject: {fileID: 0}
  m_PrefabInternal: {fileID: 100100000}
  m_GameObject: {fileID: 1000012479111936}
  m_Enabled: 0
  m_EditorHideFlags: 0
  m_Script: {fileID: 11500000, guid: ef7e6bfad51b1f24f8bba548c8dcecb8, type: 3}
  m_Name: 
  m_EditorClassIdentifier: 
  blinkTransitionSpeed: 0.6
  distanceBlinkDelay: 0
  headsetPositionCompensation: 1
  ignoreTargetWithTagOrClass: 
  navMeshLimitDistance: 0
--- !u!114 &114000013940782114
MonoBehaviour:
  m_ObjectHideFlags: 1
  m_PrefabParentObject: {fileID: 0}
  m_PrefabInternal: {fileID: 100100000}
  m_GameObject: {fileID: 1000013562317154}
  m_Enabled: 1
  m_EditorHideFlags: 0
  m_Script: {fileID: 11500000, guid: 5890e3cad70bea64d91aef9145ba3454, type: 3}
  m_Name: 
  m_EditorClassIdentifier: 
  index: -1
  modelOverride: 
  shader: {fileID: 46, guid: 0000000000000000f000000000000000, type: 0}
  verbose: 0
  createComponents: 1
  updateDynamically: 1
--- !u!114 &114000013967814716
MonoBehaviour:
  m_ObjectHideFlags: 1
  m_PrefabParentObject: {fileID: 0}
  m_PrefabInternal: {fileID: 100100000}
  m_GameObject: {fileID: 1000012479111936}
  m_Enabled: 1
  m_EditorHideFlags: 0
  m_Script: {fileID: 11500000, guid: 40615fa35e5f6624597fbe72957a785e, type: 3}
  m_Name: 
  m_EditorClassIdentifier: 
  componentsToEnable:
  - {fileID: 114000011501450142}
  - {fileID: 114000011500713374}
  - {fileID: 114000013741132078}
  - {fileID: 114000011671561500}
  - {fileID: 114000010345149984}
  - {fileID: 114000010286350272}
  - {fileID: 114000013595786948}
  - {fileID: 114000011403825668}
  - {fileID: 114000012570216038}
  - {fileID: 20000014020730928}
  - {fileID: 114000012637750070}
  - {fileID: 92000011364597060}
  - {fileID: 20000010519001666}
  - {fileID: 124000010490169848}
  - {fileID: 81000013239467938}
  - {fileID: 114000013536367150}
--- !u!114 &114000014010568536
MonoBehaviour:
  m_ObjectHideFlags: 1
  m_PrefabParentObject: {fileID: 0}
  m_PrefabInternal: {fileID: 100100000}
  m_GameObject: {fileID: 1000012479111936}
  m_Enabled: 1
  m_EditorHideFlags: 0
  m_Script: {fileID: -1768714887, guid: 870353891bb340e2b2a9c8707e7419ba, type: 3}
  m_Name: 
  m_EditorClassIdentifier: 
  m_TransformSyncMode: 1
  m_SendInterval: 0.1
  m_SyncRotationAxis: 7
  m_RotationSyncCompression: 0
  m_SyncSpin: 0
  m_MovementTheshold: 0.001
  m_SnapThreshold: 5
  m_InterpolateRotation: 1
  m_InterpolateMovement: 1
--- !u!124 &124000010490169848
Behaviour:
  m_ObjectHideFlags: 1
  m_PrefabParentObject: {fileID: 0}
  m_PrefabInternal: {fileID: 100100000}
  m_GameObject: {fileID: 1000010736401452}
  m_Enabled: 0
--- !u!136 &136000010485200444
CapsuleCollider:
  m_ObjectHideFlags: 1
  m_PrefabParentObject: {fileID: 0}
  m_PrefabInternal: {fileID: 100100000}
  m_GameObject: {fileID: 1000010736401452}
  m_Material: {fileID: 0}
  m_IsTrigger: 0
  m_Enabled: 1
  m_Radius: 0.5
  m_Height: 2
  m_Direction: 1
  m_Center: {x: 0, y: 0, z: 0}
